%% Obtained via the getNewBibTeX script and the SPIRES biblio service
@Article{Bertone:2004pz,
      author         = "Bertone, Gianfranco and Hooper, Dan and Silk, Joseph",
      title          = "{Particle dark matter: Evidence, candidates and
                        constraints}",
      journal        = "Phys. Rept.",
      volume         = "405",
      year           = "2005",
      pages          = "279-390",
      doi            = "10.1016/j.physrep.2004.08.031",
      eprint         = "hep-ph/0404175",
      archivePrefix  = "arXiv",
      primaryClass   = "hep-ph",
      reportNumber   = "FERMILAB-PUB-04-047-A",
      SLACcitation   = "%%CITATION = HEP-PH/0404175;%%"
}
@Article{Feng:2010gw,
      author         = "Feng, Jonathan L.",
      title          = "{Dark Matter Candidates from Particle Physics and Methods
                        of Detection}",
      journal        = "Ann. Rev. Astron. Astrophys.",
      volume         = "48",
      year           = "2010",
      pages          = "495-545",
      doi            = "10.1146/annurev-astro-082708-101659",
      eprint         = "1003.0904",
      archivePrefix  = "arXiv",
      primaryClass   = "astro-ph.CO",
      reportNumber   = "UCI-TR-2009-13",
      SLACcitation   = "%%CITATION = ARXIV:1003.0904;%%"
}
@Article{Porter:2011nv,
      author         = "Porter, Troy A. and Johnson, Robert P. and Graham, Peter
                        W.",
      title          = "{Dark Matter Searches with Astroparticle Data}",
      journal        = "Ann. Rev. Astron. Astrophys.",
      volume         = "49",
      year           = "2011",
      pages          = "155-194",
      doi            = "10.1146/annurev-astro-081710-102528",
      eprint         = "1104.2836",
      archivePrefix  = "arXiv",
      primaryClass   = "astro-ph.HE",
      SLACcitation   = "%%CITATION = ARXIV:1104.2836;%%"
}

@Article{CMS,
      collaboration  = "CMS",
      title =  "The CMS experiment at the CERN LHC", 
      journal = "JINST",
      volume = "3", 
      year = "2008",
      pages = "S08004",
      doi = "doi:10.1088/1748-0221/3/08/S08004"
}

@Article{Phys.Rev.Lett.19.1264,
     author    = "Weinberg, Steven",
     title     = "A MODEL OF LEPTONS",
     journal   = "Phys. Rev. Lett.",
     volume    = "19",
     year      = "1967",
     pages     = "1264-1266",
     SLACcitation  = "%%CITATION = PRLTA,19,1264;%%"
}

@Article{Phys.Rev.D2.1285,
     author    = "Glashow, S. L. and Iliopoulos, J. and Maiani, L.",
     title     = "WEAK INTERACTIONS WITH LEPTON - HADRON SYMMETRY",
     journal   = "Phys. Rev.",
     volume    = "D2",
     year      = "1970",
     pages     = "1285-1292",
     SLACcitation  = "%%CITATION = PHRVA,D2,1285;%%"
}

@Article{hep-ph/0410370,
     author    = "Willenbrock, Scott",
     title     = "Symmetries of the standard model",
     year      = "2004",
     eprint    = "hep-ph/0410370",
     SLACcitation  = "%%CITATION = HEP-PH 0410370;%%"
}

@Article{Brianti:2004qq,
     author    = "Brianti, G.",
     title     = "The Large Hadron Collider project: Historical account",
     journal   = "Phys. Rept.",
     volume    = "403-404",
     year      = "2004",
     pages     = "349-364",
     SLACcitation  = "%%CITATION = PRPLC,403-404,349;%%"
}

@Article{Amato:1998xt,
     author    = "Amato, S. and others",
 collaboration = "LHCb",
     title     = "LHCb technical proposal",
     note     = "CERN-LHCC-98-4"
}

@Misc{hepthesis,
     author = "Buckley, Andy",
     title  = "The hepthesis {\LaTeX} class"
}

@article{Lester:1999tx,
      author         = "Lester, C. G. and Summers, D. J.",
      title          = "{Measuring masses of semiinvisibly decaying particles
                        pair produced at hadron colliders}",
      journal        = "Phys. Lett.",
      volume         = "B463",
      year           = "1999",
      pages          = "99-103",
      doi            = "10.1016/S0370-2693(99)00945-4",
      eprint         = "hep-ph/9906349",
      archivePrefix  = "arXiv",
      primaryClass   = "hep-ph",
      reportNumber   = "CAVENDISH-HEP-99-07",
      SLACcitation   = "%%CITATION = HEP-PH/9906349;%%"
}